\usepackage{url}
@misc{Hugo_Larochelle14,
  author = {Hugo Larochelle},
  title = {{Intelligence Artificielle [12.14] : Apprentissage automatique - généralisation}},
  howpublished = "\url{https://www.youtube.com/watch?v=B9OjPEZ4yuA}",
  note = "[consulté en juin 2018]"
}
@misc{Coursera,
  author = {Andrew Ng},
  title = {{Machine Learning}},
  howpublished = "\url{https://www.coursera.org/learn/machine-learning/}",
  note = "[consulté en février 2018]"
}
@misc{Wikipedia_def,
  author = {Encyclopédie Larousse},
  title = {{définition de l'intelligence artificielle}},
  howpublished = "\url{http://www.larousse.fr/encyclopedie/divers/intelligence_artificielle/187257}",
  note = "[consulté en février 2018]"
}
@misc{history,
  author = {Andrew Fogg},
  title = {{A History of Deep Learning}},
  howpublished = "\url{https://www.import.io/post/history-of-deep-learning/}",
  note = "[consulté en juillet 2018]"
}
@misc{wiki_history,
  title = {{Timeline of machine learning}},
  howpublished = "\url{https://en.wikipedia.org/wiki/Timeline_of_machine_learning}",
  note = "[consulté en juillet 2018]"
}
@misc{Hugo_Larochelle4,
  author = {Hugo Larochelle},
  title = {{Intelligence Artificielle [12.4] : Apprentissage automatique - perceptron}},
  howpublished = "\url{https://www.youtube.com/watch?v=L7WNYvbvGBc&index=73&list=PL6Xpj9I5qXYGhsvMWM53ZLfwUInzvYWsm}",
  note = "[consulté en février 2018]"
}
@misc{giant_neural,
  author = {giant_neural_network},
  title = {Beginner Intro to Neural Networks}},
  howpublished = "\url{https://www.youtube.com/watch?v=ZzWaow1Rvho&list=PLxt59R_fWVzT9bDxA76AHm3ig0Gg9S3So}",
  note = "[consulté en février 2018]"
}
@misc{3Blue1Brown,
  author = {3Blue1Brown},
  title = {But what *is* a Neural Network? | Deep learning }},
  howpublished = "\url{https://www.youtube.com/watch?v=aircAruvnKk&list=PLZHQObOWTQDNU6R1_67000Dx_ZCJB-3pi",
  note = "[consulté en décembre 2018]"
}
@misc{Hugo_Larochelle5,
  author = {Hugo Larochelle},
  title = {{Intelligence Artificielle [12.5] : Apprentissage automatique - exemple du perceptron}},
  howpublished = "\url{https://www.youtube.com/watch?v=nZjg8DjrWVo&index=74&list=PL6Xpj9I5qXYGhsvMWM53ZLfwUInzvYWsm}",
  note = "[consulté en février 2018]"
}
@misc{Hugo_Larochelle7,
  author = {Hugo Larochelle},
  title = {{Intelligence Artificielle [12.7] : Apprentissage automatique - dérivées}},
  howpublished = "\url{https://www.youtube.com/watch?v=tdouYphUi-w&list=PL6Xpj9I5qXYGhsvMWM53ZLfwUInzvYWsm&index=76}",
  note = "[consulté en février 2018]"
}
@misc{Hugo_Larochelle8,
  author = {Hugo Larochelle},
  title = {{Intelligence Artificielle [12.8] : Apprentissage automatique - dérivées partielles et gradient}},
  howpublished = "\url{https://www.youtube.com/watch?v=HniO8Apx95A&index=77&list=PL6Xpj9I5qXYGhsvMWM53ZLfwUInzvYWsm}",
  note = "[consulté en février 2018]"
}
@misc{Hugo_Larochelle9,
  author = {Hugo Larochelle},
  title = {{Intelligence Artificielle [12.9] : Apprentissage automatique - minimisation de perte}},
  howpublished = "\url{https://www.youtube.com/watch?v=diiP1ydlyss&index=78&list=PL6Xpj9I5qXYGhsvMWM53ZLfwUInzvYWsm}",
  note = "[consulté en février 2018]"
}
@misc{Hugo_Larochelle10,
  author = {Hugo Larochelle},
  title = {{Intelligence Artificielle [12.10] : Apprentissage automatique - régression logistique}},
  howpublished = "\url{https://www.youtube.com/watch?v=af1j0ogiUak&index=79&list=PL6Xpj9I5qXYGhsvMWM53ZLfwUInzvYWsm}",
  note = "[consulté en février 2018]"
}
@misc{Hugo_Larochelle11,
  author = {Hugo Larochelle},
  title = {{Intelligence Artificielle [12.11] : Apprentissage automatique - réseau de neurones}},
  howpublished = "\url{https://www.youtube.com/watch?v=ngTF9NxEx7c&list=PL6Xpj9I5qXYGhsvMWM53ZLfwUInzvYWsm&index=80}",
  note = "[consulté en mars 2018]"
}
@misc{Hugo_Larochelle12,
  author = {Hugo Larochelle},
  title = {{Intelligence Artificielle [12.12] : Apprentissage automatique - rétropropagation}},
  howpublished = "\url{https://www.youtube.com/watch?v=NgwvhX0xBs0&index=81&list=PL6Xpj9I5qXYGhsvMWM53ZLfwUInzvYWsm}",
  note = "[consulté en avril 2018]"
}
@misc{Hugo_Larochelle13,
  author = {Hugo Larochelle},
  title = {{Intelligence Artificielle [12.13] : Apprentissage automatique - exemple de réseau de neurones}},
  howpublished = "\url{https://www.youtube.com/watch?v=0jh-jlWfKwo&list=PL6Xpj9I5qXYGhsvMWM53ZLfwUInzvYWsm&index=82}",
  note = "[consulté en avril 2018]"
}
@book{Deep,
    title={Deep Learning},
    author={Ian Goodfellow and Yoshua Bengio et Aaron Courville},
    publisher={MIT Press},
    note={\url{http://www.deeplearningbook.org}},
    year={2016},
    note = "[consulté en mai 2018]"
}
@misc{weather,
  author = {Adam McQuistan},
  title = {{Using Machine Learning to Predict the Weather}},
  howpublished = "\url{https://stackabuse.com/using-machine-learning-to-predict-the-weather-part-1/}",
  note = "[consulté en juin 2018]"
}
@misc{chaos,
  author = {Wikipédia},
  title = {{Théorie du chaos}},
  howpublished = "\url{https://fr.wikipedia.org/wiki/Théorie_du_chaos}",
  note = "[consulté en août 2018]"
}
@misc{dropout,
  author = {Amar Budhiraja},
  title = {{Dropout in (Deep) Machine learning}},
  howpublished = "\url{https://medium.com/@amarbudhiraja/https-medium-com-amarbudhiraja-learning-less-to-learn-better-dropout-in-deep-machine-learning-74334da4bfc5}",
  note = "[consulté en juillet 2018]"
}
